@online{ref1,
    url={https://bookdown.org/pkaldunn/DistTheory/Transformations.html}
}
@online{ref2,
    url={https://distill.pub/2019/visual-exploration-gaussian-processes/}
}
@Book{ref3,
    author = {Carl Edward Rasmussen},
    title = {Gaussian Processes for Machine Learning},
    publisher = {The MIT Press}
}